<record><leader>00000cas a22000007a 4500</leader><controlfield tag="001">36281895</controlfield><controlfield tag="008">970128d19711972causr ne      0    0eng d</controlfield><datafield ind1=" " ind2=" " tag="010"><subfield code="a">sn 96064573 </subfield></datafield><datafield ind1=" " ind2=" " tag="040"><subfield code="a">CNK</subfield><subfield code="b">eng</subfield><subfield code="c">CNK</subfield><subfield code="d">OCLCQ</subfield><subfield code="d">OCLCF</subfield><subfield code="d">OCLCO</subfield></datafield><datafield ind1="1" ind2=" " tag="029"><subfield code="a">AU@</subfield><subfield code="b">000013091346</subfield></datafield><datafield ind1=" " ind2=" " tag="042"><subfield code="a">msc</subfield></datafield><datafield ind1=" " ind2=" " tag="043"><subfield code="a">n-us-ca</subfield></datafield><datafield ind1="0" ind2="4" tag="245"><subfield code="a">The Ridge shopper's guide.</subfield></datafield><datafield ind1=" " ind2=" " tag="260"><subfield code="a">[Paradise, Calif. :</subfield><subfield code="b">S.n.]</subfield></datafield><datafield ind1=" " ind2=" " tag="300"><subfield code="a">v.</subfield></datafield><datafield ind1=" " ind2=" " tag="310"><subfield code="a">Semimonthly</subfield></datafield><datafield ind1="0" ind2=" " tag="362"><subfield code="a">Oct. 12, 1971-v. 2, no. 7 (Dec. 26, 1972).</subfield></datafield><datafield ind1=" " ind2=" " tag="515"><subfield code="a">Designation begins with v. 1, no. 2 (Nov. 2, 1971).</subfield></datafield><datafield ind1=" " ind2="0" tag="651"><subfield code="a">Paradise (Calif.)</subfield><subfield code="v">Newspapers.</subfield></datafield><datafield ind1=" " ind2="7" tag="655"><subfield code="a">Newspapers.</subfield><subfield code="2">fast</subfield><subfield code="0">(OCoLC)fst01423814</subfield></datafield><datafield ind1=" " ind2="7" tag="651"><subfield code="a">California</subfield><subfield code="z">Paradise.</subfield><subfield code="2">fast</subfield><subfield code="0">(OCoLC)fst01214297</subfield></datafield><datafield ind1=" " ind2=" " tag="752"><subfield code="a">United States</subfield><subfield code="b">California</subfield><subfield code="c">Butte</subfield><subfield code="d">Paradise.</subfield></datafield><datafield ind1="0" ind2="0" tag="785"><subfield code="t">Ridge gazette and shopper's guide</subfield><subfield code="w">(DLC)sn 96064574</subfield></datafield></record>